%%%%%%%%%%%%%%%%%%%%%%%%%%%%%%%%%%VARIABLES%%%%%%%%%%%%%%%%%%%%%%%%%%%%%
%%%%%%%%%%%%%%%%%%%%%%%%%%%%%%%%%%BIBLIOGRAPHY%%%%%%%%%%%%%%%%%%%%%%%%%%

@inproceedings{lee2007trajectory,
  title={Trajectory clustering: a partition-and-group framework},
  author={Lee, Jae-Gil and Han, Jiawei and Whang, Kyu-Young},
  booktitle={Proceedings of the 2007 ACM SIGMOD international conference on Management of data},
  pages={593--604},
  year={2007},
  organization={ACM}
}

@inproceedings{roh2010nncluster,
  title={Nncluster: An efficient clustering algorithm for road network trajectories},
  author={Roh, Gook-Pil and Hwang, Seung-won},
  booktitle={International Conference on Database Systems for Advanced Applications},
  pages={47--61},
  year={2010},
  organization={Springer}
}

@article{kong2018big,
  title={Big trajectory data: A survey of applications and services},
  author={Kong, Xiangjie and Li, Menglin and Ma, Kai and Tian, Kaiqi and Wang, Mengyuan and Ning, Zhaolong and Xia, Feng},
  journal={IEEE Access},
  volume={6},
  pages={58295--58306},
  year={2018},
  publisher={IEEE}
}

@article{piciarelli2008trajectory,
  title={Trajectory-based anomalous event detection},
  author={Piciarelli, Claudio and Micheloni, Christian and Foresti, Gian Luca},
  journal={IEEE Transactions on Circuits and Systems for video Technology},
  volume={18},
  number={11},
  pages={1544--1554},
  year={2008},
  publisher={IEEE}
}

@inproceedings{sillito2008semi,
  title={Semi-supervised Learning for Anomalous Trajectory Detection.},
  author={Sillito, Rowland R and Fisher, Robert B},
  booktitle={BMVC},
  volume={1},
  pages={035--1},
  year={2008}
}

% ---------------------------------------------------------------------
